@article{putman2021,
        title = {Animal navigation: What is truth?},
        author = {{Putman}, {Nathan F.}},
        year = {2021},
        month = {04},
        date = {2021-04},
        journal = {Current Biology},
        pages = {R330--R332},
        volume = {31},
        number = {7},
        doi = {10.1016/j.cub.2021.02.054},
        url = {http://dx.doi.org/10.1016/j.cub.2021.02.054},
        langid = {en}
}

@article{conditMMS,
        title = {Birth timing after the long feeding migration in elephant seals},
        author = {{Condit}, {R.} and {Beltran}, {R.} and {Robinson}, {P.} and {Costa}, {D.}},
        year = {In review},
        journal = {Marine Mammal Science}
}

@article{robinson2012,
	title = {Foraging Behavior and Success of a Mesopelagic Predator in the Northeast Pacific Ocean: Insights from a Data-Rich Species, the Northern Elephant Seal},
	author = {{Robinson}, {Patrick W.} and {Costa}, {Daniel P.} and {Crocker}, {Daniel E.} and {Gallo-Reynoso}, {Juan Pablo} and {Champagne}, {Cory D.} and {Fowler}, {Melinda A.} and {Goetsch}, {Chandra} and {Goetz}, {Kimberly T.} and {Hassrick}, {Jason L.} and {Hückstädt}, {Luis A.} and {Kuhn}, {Carey E.} and {Maresh}, {Jennifer L.} and {Maxwell}, {Sara M.} and {McDonald}, {Birgitte I.} and {Peterson}, {Sarah H.} and {Simmons}, {Samantha E.} and {Teutschel}, {Nicole M.} and {Villegas-Amtmann}, {Stella} and {Yoda}, {Ken}},
	editor = {{Klimley}, {A. Peter}},
	year = {2012},
	month = {05},
	date = {2012-05-15},
	journal = {PLoS ONE},
	pages = {e36728},
	volume = {7},
	number = {5},
	doi = {10.1371/journal.pone.0036728},
	url = {http://dx.doi.org/10.1371/journal.pone.0036728},
	langid = {en}
}

@article{beltran2021,
	title = {Lightscapes of fear: How mesopredators balance starvation and predation in the open ocean},
	author = {{Beltran}, {Roxanne S.} and {Kendall-Bar}, {Jessica M.} and {Pirotta}, {Enrico} and {Adachi}, {Taiki} and {Naito}, {Yasuhiko} and {Takahashi}, {Akinori} and {Cremers}, {Jolien} and {Robinson}, {Patrick W.} and {Crocker}, {Daniel E.} and {Costa}, {Daniel P.}},
	year = {2021},
	month = {03},
	date = {2021-03-19},
	journal = {Science Advances},
	volume = {7},
	number = {12},
	doi = {10.1126/sciadv.abd9818},
	url = {http://dx.doi.org/10.1126/sciadv.abd9818},
	langid = {en}
}

@article{putman2020,
	title = {Animal Navigation: Seabirds Home to a Moving Magnetic Target},
	author = {{Putman}, {Nathan F.}},
	year = {2020},
	month = {07},
	date = {2020-07},
	journal = {Current Biology},
	pages = {R802--R804},
	volume = {30},
	number = {14},
	doi = {10.1016/j.cub.2020.05.061},
	url = {http://dx.doi.org/10.1016/j.cub.2020.05.061},
	langid = {en}
}

@article{aikens2017,
	title = {The greenscape shapes surfing of resource waves in a large migratory herbivore},
	author = {{Aikens}, {Ellen O.} and {Kauffman}, {Matthew J.} and {Merkle}, {Jerod A.} and {Dwinnell}, {Samantha P. H.} and {Fralick}, {Gary L.} and {Monteith}, {Kevin L.}},
	editor = {{Nathan}, {Ran}},
	year = {2017},
	month = {04},
	date = {2017-04-25},
	journal = {Ecology Letters},
	pages = {741--750},
	volume = {20},
	number = {6},
	doi = {10.1111/ele.12772},
	url = {http://dx.doi.org/10.1111/ele.12772},
	langid = {en}
}

@article{abrahms2019,
	title = {Memory and resource tracking drive blue whale migrations},
	author = {{Abrahms}, {Briana} and {Hazen}, {Elliott L.} and {Aikens}, {Ellen O.} and {Savoca}, {Matthew S.} and {Goldbogen}, {Jeremy A.} and {Bograd}, {Steven J.} and {Jacox}, {Michael G.} and {Irvine}, {Ladd M.} and {Palacios}, {Daniel M.} and {Mate}, {Bruce R.}},
	year = {2019},
	month = {02},
	date = {2019-02-25},
	journal = {Proceedings of the National Academy of Sciences},
	pages = {5582--5587},
	volume = {116},
	number = {12},
	doi = {10.1073/pnas.1819031116},
	url = {http://dx.doi.org/10.1073/pnas.1819031116},
	langid = {en}
}

@article{mcnamara2007,
	title = {Optimal annual routines: behaviour in the context of physiology and ecology},
	author = {{McNamara}, {John M} and {Houston}, {Alasdair I}},
	year = {2007},
	month = {08},
	date = {2007-08-02},
	journal = {Philosophical Transactions of the Royal Society B: Biological Sciences},
	pages = {301--319},
	volume = {363},
	number = {1490},
	doi = {10.1098/rstb.2007.2141},
	url = {http://dx.doi.org/10.1098/rstb.2007.2141},
	langid = {en}
}

@article{lohmann2018,
	title = {Animal migration research takes wing},
	author = {{Lohmann}, {Kenneth J.}},
	year = {2018},
	month = {09},
	date = {2018-09},
	journal = {Current Biology},
	pages = {R952--R955},
	volume = {28},
	number = {17},
	doi = {10.1016/j.cub.2018.08.016},
	url = {http://dx.doi.org/10.1016/j.cub.2018.08.016},
	langid = {en}
}

@article{hussey2015,
	title = {Aquatic animal telemetry: A panoramic window into the underwater world},
	author = {{Hussey}, {Nigel E.} and {Kessel}, {Steven T.} and {Aarestrup}, {Kim} and {Cooke}, {Steven J.} and {Cowley}, {Paul D.} and {Fisk}, {Aaron T.} and {Harcourt}, {Robert G.} and {Holland}, {Kim N.} and {Iverson}, {Sara J.} and {Kocik}, {John F.} and {Mills Flemming}, {Joanna E.} and {Whoriskey}, {Fred G.}},
	year = {2015},
	month = {06},
	date = {2015-06-12},
	journal = {Science},
	volume = {348},
	number = {6240},
	doi = {10.1126/science.1255642},
	url = {http://dx.doi.org/10.1126/science.1255642},
	langid = {en}
}

@article{johnson2008,
	title = {CONTINUOUS-TIME CORRELATED RANDOM WALK MODEL FOR ANIMAL TELEMETRY DATA},
	author = {{Johnson}, {Devin S.} and {London}, {Joshua M.} and {Lea}, {Mary-Anne} and {Durban}, {John W.}},
	year = {2008},
	month = {05},
	date = {2008-05},
	journal = {Ecology},
	pages = {1208--1215},
	volume = {89},
	number = {5},
	doi = {10.1890/07-1032.1},
	url = {http://dx.doi.org/10.1890/07-1032.1},
	langid = {en}
}

@article{johnson2016,
	title = {Crawl: V2.0},
	author = {{Johnson}, {Devin} and {Josh M. London (NOAA)} and {Kenady}},
	year = {2016},
	month = {06},
	date = {2016-06-23},
	doi = {10.5281/ZENODO.596464},
	url = {https://zenodo.org/record/596464}
}

@article{robinson2010,
	title = {Measurements of foraging success in a highly pelagic marine predator, the northern elephant seal},
	author = {{Robinson}, {Patrick W.} and {Simmons}, {Samantha E.} and {Crocker}, {Daniel E.} and {Costa}, {Daniel P.}},
	year = {2010},
	month = {07},
	date = {2010-07-28},
	journal = {Journal of Animal Ecology},
	pages = {1146--1156},
	volume = {79},
	number = {6},
	doi = {10.1111/j.1365-2656.2010.01735.x},
	url = {http://dx.doi.org/10.1111/j.1365-2656.2010.01735.x},
	langid = {en}
}

@article{bates2015,
	title = {Fitting Linear Mixed-Effects Models Usinglme4},
	author = {{Bates}, {Douglas} and {Mächler}, {Martin} and {Bolker}, {Ben} and {Walker}, {Steve}},
	year = {2015},
	date = {2015},
	journal = {Journal of Statistical Software},
	volume = {67},
	number = {1},
	doi = {10.18637/jss.v067.i01},
	url = {http://dx.doi.org/10.18637/jss.v067.i01},
	langid = {en}
}
